@article{Diciccio2017,
  title={Robust permutation tests for correlation and regression coefficients},
  author={DiCiccio, Cyrus J and Romano, Joseph P},
  journal={Journal of the American Statistical Association},
  volume={112},
  number={519},
  pages={1211--1220},
  year={2017},
  publisher={Taylor \& Francis}
}

@article{Janssen1997,
  title={Studentized permutation tests for non-iid hypotheses and the generalized Behrens-Fisher problem},
  author={Janssen, Arnold},
  journal={Statistics \& probability letters},
  volume={36},
  number={1},
  pages={9--21},
  year={1997},
  publisher={Elsevier}
}

@article{Simsek2024,
  title={Novel formulas of moments of Negative Binomial distribution connected with Apostol-Bernoulli numbers of higher order and Stirling numbers},
  author={Simsek, Buket},
  journal={Revista de la Real Academia de Ciencias Exactas, F{\'\i}sicas y Naturales. Serie A. Matem{\'a}ticas},
  volume={118},
  number={4},
  pages={1--12},
  year={2024},
  publisher={Springer}
}

@article{Niu2022,
  title={Reconciling model-X and doubly robust approaches to conditional independence testing},
  author={Niu, Ziang and Chakraborty, Abhinav and Dukes, Oliver and Katsevich, Eugene},
  journal={arXiv preprint arXiv:2211.14698},
  year={2022}
}

@book{Vaart1996,
  title={Weak Convergence and Empirical Processes: With Applications to Statistics},
  author={Van der Vaart, Aad W. and Wellner, Jon A.},
  year={1996},
  publisher={Springer},
  series={Springer Series in Statistics},
  address={New York},
  isbn={978-0-387-94640-1}
}

@article{Love2014,
  title={Moderated estimation of fold change and dispersion for RNA-seq data with DESeq2},
  author={Love, Michael I and Huber, Wolfgang and Anders, Simon},
  journal={Genome Biology},
  volume={15},
  number={12},
  pages={550},
  year={2014},
  publisher={BioMed Central},
  doi={10.1186/s13059-014-0550-8}
}

@article{Li2022,
  title={Exaggerated false positives by popular differential expression methods when analyzing human population samples},
  author={Li, Yumei and Ge, Xinzhou and Peng, Fanglue and Li, Wei and Li, Jingyi Jessica},
  journal={Genome biology},
  volume={23},
  number={1},
  pages={79},
  year={2022},
  publisher={Springer}
}

@article{Barry2024,
  title={Robust differential expression testing for single-cell CRISPR screens at low multiplicity of infection},
  author={Barry, Timothy and Mason, Kaishu and Roeder, Kathryn and Katsevich, Eugene},
  journal={Genome Biology},
  volume={25},
  number={1},
  pages={124},
  year={2024},
  publisher={Springer}
}

@article{Fischer2024a,
  title={Sequential permutation testing by betting},
  author={Fischer, Lasse and Ramdas, Aaditya},
  journal={arXiv preprint arXiv:2401.07365},
  year={2024}
}

@article{Candes2018,
  title={Panning for gold:‘model-X’knockoffs for high dimensional controlled variable selection},
  author={Candes, Emmanuel and Fan, Yingying and Janson, Lucas and Lv, Jinchi},
  journal={Journal of the Royal Statistical Society Series B: Statistical Methodology},
  volume={80},
  number={3},
  pages={551--577},
  year={2018},
  publisher={Oxford University Press}
}

@incollection{Hoeffding1952,
  title={The large-sample power of tests based on permutations of observations},
  author={Hoeffding, Wassily},
  booktitle={The Collected Works of Wassily Hoeffding},
  pages={247--271},
  year={1952},
  publisher={Springer}
}

@article{Fischer2024b,
  title={Multiple testing with anytime-valid Monte-Carlo p-values},
  author={Fischer, Lasse and Ramdas, Aaditya},
  journal={arXiv preprint arXiv:2404.15586},
  year={2024}
}

@article{Mann1947,
  title={On a test of whether one of two random variables is stochastically larger than the other},
  author={Mann, Henry B and Whitney, Donald R},
  journal={The annals of mathematical statistics},
  pages={50--60},
  year={1947},
  publisher={JSTOR}
}

@article{Stuart2019,
  title={Comprehensive integration of single-cell data},
  author={Stuart, Tim and Butler, Andrew and Hoffman, Paul and Hafemeister, Christoph and Papalexi, Efthymia and Mauck, William M and Hao, Yuhan and Stoeckius, Marlon and Smibert, Peter and Satija, Rahul},
  journal={cell},
  volume={177},
  number={7},
  pages={1888--1902},
  year={2019},
  publisher={Elsevier}
}

@article{Fahrmeir1985,
  title={Consistency and asymptotic normality of the maximum likelihood estimator in generalized linear models},
  author={Fahrmeir, Ludwig and Kaufmann, Heinz},
  journal={The Annals of Statistics},
  volume={13},
  number={1},
  pages={342--368},
  year={1985},
  publisher={Institute of Mathematical Statistics}
}

@article{Hafemeister2019,
	title={Normalization and variance stabilization of single-cell RNA-seq data using regularized negative binomial regression},
	author={Hafemeister, Christoph and Satija, Rahul},
	journal={Genome biology},
	volume={20},
	number={1},
	pages={296},
	year={2019},
	publisher={Springer}
}

@article{Ripley2013,
	title={Package ‘mass’},
	author={Ripley, Brian and Venables, Bill and Bates, Douglas M and Hornik, Kurt and Gebhardt, Albrecht and Firth, David and Ripley, Maintainer Brian},
	journal={Cran r},
	volume={538},
	pages={113--120},
	year={2013}
}

@article{Niu2024,
	title={Computationally efficient and statistically accurate conditional independence testing with spaCRT},
	author={Niu, Zhaonan and Choudhury, Jayanta R and Katsevich, Eugene},
	journal={arXiv preprint arXiv:2407.08911},
	year={2024},
	month={Jul},
	day={12}
}

@article{Risso2018,
	title={A general and flexible method for signal extraction from single-cell RNA-seq data},
	author={Risso, Davide and Perraudeau, Fanny and Gribkova, Svetlana and Dudoit, Sandrine and Vert, Jean-Philippe},
	journal={Nature communications},
	volume={9},
	number={1},
	pages={284},
	year={2018},
	publisher={Nature Publishing Group UK London}
}


@article{Ramdas2023,
	title={Game-theoretic statistics and safe anytime-valid inference},
	author={Ramdas, Aaditya and Gr{\"u}nwald, Peter and Vovk, Vladimir and Shafer, Glenn},
	journal={Statistical Science},
	volume={38},
	number={4},
	pages={576--601},
	year={2023},
	publisher={Institute of Mathematical Statistics}
}

@book{Dunn2018,
	title={Generalized linear models with examples in R},
	author={Dunn, Peter K and Smyth, Gordon K and others},
	volume={53},
	year={2018},
	publisher={Springer}
}

@article{Howard2021,
	title={Time-uniform, nonparametric, nonasymptotic confidence sequences},
	author={Howard, Steven R and Ramdas, Aaditya and McAuliffe, Jon and Sekhon, Jasjeet},
	journal={The Annals of Statistics},
	volume={49},
	number={2},
	pages={1055--1080},
	year={2021},
	publisher={Institute of Mathematical Statistics}
}

@article{Besag1991,
	title={Sequential monte carlo p-values},
	author={Besag, Julian and Clifford, Peter},
	journal={Biometrika},
	volume={78},
	number={2},
	pages={301--304},
	year={1991},
	publisher={Oxford University Press}
}

@article{Kim2008,
	title={Effects of dependence in high-dimensional multiple testing problems},
	author={Kim, Kyung In and van de Wiel, Mark A},
	journal={BMC bioinformatics},
	volume={9},
	pages={1--12},
	year={2008},
	publisher={Springer}
}

@article{Ritchie2015,
	title={Limma powers differential expression analyses for RNA-sequencing and microarray studies},
	author={Ritchie, Matthew E and Phipson, Belinda and Wu, DI and Hu, Yifang and Law, Charity W and Shi, Wei and Smyth, Gordon K},
	journal={Nucleic acids research},
	volume={43},
	number={7},
	pages={e47--e47},
	year={2015},
	publisher={Oxford Academic}
}

@article{Lonsdale2013,
	title={The genotype-tissue expression (GTEx) project},
	author={Lonsdale, John and Thomas, Jeffrey and Salvatore, Mike and Phillips, Rebecca and Lo, Edmund and Shad, Saboor and Hasz, Richard and Walters, Gary and Garcia, Fernando and Young, Nancy and others},
	journal={Nature genetics},
	volume={45},
	number={6},
	pages={580--585},
	year={2013},
	publisher={Nature Publishing Group}
}

@article{Robinson2010,
	title={edgeR: a Bioconductor package for differential expression analysis of digital gene expression data},
	author={Robinson, Mark D and McCarthy, Davis J and Smyth, Gordon K},
	journal={bioinformatics},
	volume={26},
	number={1},
	pages={139--140},
	year={2010},
	publisher={Oxford University Press}
}

@article{Ting2021,
	title={Simple, optimal algorithms for random sampling without replacement},
	author={Ting, Daniel},
	journal={arXiv preprint arXiv:2104.05091},
	year={2021}
}